<record xmlns:xsi="http://www.w3.org/2001/XMLSchema-instance" xmlns="http://www.loc.gov/MARC21/slim" xsi:schemaLocation="http://www.loc.gov/MARC21/slim http://www.loc.gov/standards/marcxml/schema/MARC21slim.xsd">

  <leader>00763nam a2200169Ia 4500</leader>
  <datafield tag="999" ind2=" " ind1=" ">
    <subfield code="c">2252</subfield>
    <subfield code="d">2252</subfield>
  </datafield>
  <controlfield tag="008">180710b1996    cr ||||| |||| 00| | spa d</controlfield>
  <datafield ind1=" " ind2=" " tag="090">
    <subfield code="a">18.06.01 </subfield>
    <subfield code="b">988</subfield>
  </datafield>
  <datafield tag="111" ind2=" " ind1="2">
    <subfield code="a">Foro Taller Internacional : Tendencias Actuales en la Medición y Evaluación Educativa [1996 : San José, C.R.]</subfield>
    <subfield code="9">3963</subfield>
  </datafield>
  <datafield ind1="1" tag="245" ind2="4">
    <subfield code="a">Memoria / </subfield>
    <subfield code="c">Foro Taller Internacional : Tendencias Actuales en la Medición y Evaluación Educativa [1996 : San José, C.R.]. Leda Badilla Chavarría, comp.</subfield>
  </datafield>
  <datafield ind2=" " tag="260" ind1=" ">
    <subfield code="a">San José, Costa Rica : </subfield>
    <subfield code="b">Oficina de Publicaciones de la Universidad de Costa Rica, </subfield>
    <subfield code="c">1996</subfield>
  </datafield>
  <datafield ind1=" " ind2=" " tag="300">
    <subfield code="a">104 páginas</subfield>
  </datafield>
  <datafield ind2="4" tag="650" ind1="1">
    <subfield code="a">MEDICIÓN</subfield>
    <subfield code="9">38</subfield>
  </datafield>
  <datafield ind1="1" ind2="4" tag="650">
    <subfield code="a">EVALUACIÓN DE LA EDUCACIÓN</subfield>
    <subfield code="9">308</subfield>
  </datafield>
  <datafield ind1="1" tag="650" ind2="4">
    <subfield code="a">CONFERENCIA</subfield>
    <subfield code="9">506</subfield>
  </datafield>
  <datafield ind1=" " ind2=" " tag="700">
    <subfield code="a">Badilla Chavarría, Leda</subfield>
    <subfield code="9">2083</subfield>
  </datafield>
  <datafield ind1=" " ind2=" " tag="942">
    <subfield code="2">z</subfield>
    <subfield code="c">01</subfield>
  </datafield>
</record>